@INPROCEEDINGS{8089962, 
author={L. {Zi-Wei} and L. {Shao-Bin} and L. {Yan} and L. {Hui-Yong}}, 
booktitle={2017 10th International Conference on Intelligent Computation Technology and Automation (ICICTA)}, 
title={Remote ATS Simulation System Based on WebSocket Communication Protocol}, 
year={2017}, 
volume={}, 
number={}, 
pages={327-330}, 
keywords={client-server systems;Internet;transport protocols;remote ATS simulation system;automatic train supervision simulation system;computer interlocking system;WebSocket interface program;communication interface;HTML protocol;UDP protocol;ATC system;Internet technology;WebSocket communication protocol;Servers;Protocols;Computer architecture;Computational modeling;Message systems;IP networks;Ports (Computers);B/S architecture;WebSocket Protocol;ATS Simulation System}, 
doi={10.1109/ICICTA.2017.79}, 
ISSN={}, 
month={Oct},}

@INPROCEEDINGS{5735801, 
author={L. {Zhao} and X. {Hong} and B. {Gu}}, 
booktitle={IEEE Local Computer Network Conference}, 
title={Handshake time and transmission rate of 802.11g measurement in vehicular networks}, 
year={2010}, 
volume={}, 
number={}, 
pages={730-736}, 
keywords={Doppler shift;mobility management (mobile radio);vehicular ad hoc networks;wireless LAN;handshake time;transmission rate;IEEE 802.11g measurement;vehicular network;wireless network access;mobility;vehicle-to-roadside network;static wireless LAN access;radio signal strength;Doppler shift;mobile vehicle access;TCP file transmission;vehicle network;mobile service;Servers;Vehicles;Protocols;IEEE 802.11g Standard;Time measurement;Wireless communication;Throughput;Vehicular Networks;wireless LAN;secure communications;Doppler shift;response time}, 
doi={10.1109/LCN.2010.5735801}, 
ISSN={0742-1303}, 
month={Oct},}

@INPROCEEDINGS{6364271, 
author={S. {Agarwal}}, 
booktitle={2012 IEEE International Conference on Communications (ICC)}, 
title={Real-time web application roadblock: Performance penalty of HTML sockets}, 
year={2012}, 
volume={}, 
number={}, 
pages={1225-1229}, 
keywords={3G mobile communication;authorisation;cellular radio;hypermedia markup languages;Internet;transport protocols;real-time Web application roadblock;HTML socket streams;XHR-polling;HTML5 Web sockets;HTTPS protocols;security firewalls;HTTP proxies;raw TCP streams;data payload delivery delay;3G cellular data Internet connections;Sockets;Servers;HTML;Delay;Protocols;Browsers;Internet}, 
doi={10.1109/ICC.2012.6364271}, 
ISSN={1938-1883}, 
month={June},}

@ARTICLE{6365155, 
author={M. {Shiraz} and A. {Gani} and R. H. {Khokhar} and R. {Buyya}}, 
journal={IEEE Communications Surveys Tutorials}, 
title={A Review on Distributed Application Processing Frameworks in Smart Mobile Devices for Mobile Cloud Computing}, 
year={2013}, 
volume={15}, 
number={3}, 
pages={1294-1313}, 
keywords={cloud computing;mobile computing;mobile handsets;smart phones;distributed application processing frameworks;smart mobile devices;mobile cloud computing;mobile devices technology;service access devices;computing devices;computational intensive applications;stationary computers;CPU potentials;memory capacity;computational clouds resources;software level solution;computational intensive mobile applications;MCC domain;thematic taxonomy;migration pattern;distributed application processing;Mobile communication;Cloud computing;Distributed processing;Runtime;Computational modeling;Mobile handsets;Mobile Cloud Computing;Application Offloading;Elastic Applications;Distributed Systems}, 
doi={10.1109/SURV.2012.111412.00045}, 
ISSN={1553-877X}, 
month={Third},}

@INPROCEEDINGS{7958458, 
author={B. {Mayer} and R. {Weinreich}}, 
booktitle={2017 IEEE International Conference on Software Architecture Workshops (ICSAW)}, 
title={A Dashboard for Microservice Monitoring and Management}, 
year={2017}, 
volume={}, 
number={}, 
pages={66-69}, 
keywords={data acquisition;data integration;service-oriented architecture;system monitoring;microservice monitoring;experimental dashboard;microservice management;monitoring infrastructures;microservice runtime data collection;information sources;microservice development;Conferences;Software architecture;Microservices;microservice monitoring;microservice management;microservice dashboard}, 
doi={10.1109/ICSAW.2017.44}, 
ISSN={}, 
month={April},}

@INPROCEEDINGS{6885428, 
author={ and and and }, 
booktitle={Proceedings 2013 International Conference on Mechatronic Sciences, Electric Engineering and Computer (MEC)}, 
title={A unified API gateway for high availability clusters}, 
year={2013}, 
volume={}, 
number={}, 
pages={2321-2325}, 
keywords={application program interfaces;service-oriented architecture;Web services;SOA-based unified API gateway;high availability cluster;HA cluster system;application programming interface;Web service interface;UAGC-based Web service;UAGCService;WCF;Logic gates;Servers;Web services;Linux;Network interfaces;Contracts;Availability;SOA-based;API gateway;administrative tool;Cluster Consolidation}, 
doi={10.1109/MEC.2013.6885428}, 
ISSN={}, 
month={Dec},}

@INPROCEEDINGS{6601579, 
author={D. G. {Puranik} and D. C. {Feiock} and J. H. {Hill}}, 
booktitle={2013 20th IEEE International Conference and Workshops on Engineering of Computer Based Systems (ECBS)}, 
title={Real-Time Monitoring using AJAX and WebSockets}, 
year={2013}, 
volume={}, 
number={}, 
pages={110-118}, 
keywords={embedded systems;Internet;Java;monitoring;protocols;public domain software;software architecture;XML;real-time monitoring;AJAX;WebSockets;asynchronous JavaScript;XML;World Wide Web;unconventional programming;protocol;open-source architecture;software instrumentation of systems;OASIS;distributed real-time systems;embedded systems;DRE systems;Real-time systems;Probes;Software;Memory management;Bandwidth;Protocols}, 
doi={10.1109/ECBS.2013.10}, 
ISSN={}, 
month={April},}